<?xml version="1.0" encoding="UTF-8"?><collection xmlns="http://www.loc.gov/MARC21/slim"><record><leader>00484nam--2200181-i-4500</leader><controlfield tag="001">000031186</controlfield><controlfield tag="002">20161230</controlfield><controlfield tag="005">20161230201038</controlfield><controlfield tag="008">060222s1000------------r-----000-0-eng-d</controlfield><datafield ind1=" " ind2=" " tag="040"><subfield code="a">IFIN-HH</subfield></datafield><datafield ind1=" " ind2=" " tag="080"><subfield code="a">539.14</subfield></datafield><datafield ind1="1" ind2=" " tag="100"><subfield code="a">Gillet, V</subfield></datafield><datafield ind1=" " ind2=" " tag="245"><subfield code="a">Origin of the fine structure in the giant resonance of o16</subfield><subfield code="c">V. gillet, m.a. melkanoff, j. raynal</subfield></datafield><datafield ind1=" " ind2=" " tag="260"><subfield code="a">Saclay</subfield><subfield code="b">Cen</subfield><subfield code="c">/F.A.</subfield></datafield><datafield ind1=" " ind2=" " tag="306"><subfield code="a">21p</subfield></datafield><datafield ind1="1" ind2=" " tag="700"><subfield code="a">Raynal, J</subfield></datafield><datafield ind1=" " ind2=" " tag="852"><subfield code="a">25403</subfield><subfield code="c">539.14</subfield></datafield><datafield ind1=" " ind2=" " tag="CAT"><subfield code="a">Sys</subfield><subfield code="c">20120323</subfield><subfield code="h">144819</subfield></datafield></record></collection>